%%% ====================================================================
%%%  BibTeX-file{
%%%     author          = "Gerry Murray",
%%%     version         = "1.2",
%%%     date            = "2 April 2012",
%%%     filename        = "acmsmall-sample-bibfile.bib",
%%%     address         = "ACM, NY",
%%%     email           = "murray at hq.acm.org",
%%%     codetable       = "ISO/ASCII",
%%%     keywords        = "ACM Reference Format, bibliography, citation, references",
%%%     supported       = "yes",
%%%     docstring       = "This BibTeX database file contains 'bibdata' entries
%%%                        that 'match' the examples provided in the Specifications Document
%%%                        AND, also, 'legacy'-type bibs. It should assist authors in
%%%                        choosing the 'correct' at-bibtype and necessary bib-fields
%%%                        so as to obtain the appropriate ACM Reference Format output.
%%%                        It also contains many 'Standard Abbreviations'. "
%%%  }
%%% ====================================================================
% Journals
% First the Full Name is given, then the abbreviation used in the AMS Math
% Reviews, with an indication if it could not be found there.
% Note the 2nd overwrites the 1st, so swap them if you want the full name.
@article{granovetter,
  author        = {Mark Granovetter},
  title         = {Threshold Models of Collective Behavior},
  journal       = {The American Journal of Sociology},
  volume        = 83,
  number        = "6",
  publisher     = "The University of Chicago Press",
  year          = {1978},
  pages         = "1420-1443"
}

@article{erdosrenyi,
  author        = {P. Erdos, A. Renyi},
  title         = {On Random Graphs},
  journal       = {Publicationes Mathematicae 6},
  volume        = 6,
  publisher     = "Debrecen",
  year          = {1959},
  pages         = "290-297"
}

@article{wattsstrogatz,
  author        = {D. J. Watts,S. H. Strogatz},
  title         = {Collective dynamics of ‘small-world’ networks},
  journal       = {Nature},
  volume        = 393,
  year          = {1998},
  pages         = "440-442"
}

@article{barabasialbert,
  author        = {R. Albert, A. Barabasi},
  title         = {Statistical mechanics of complex networks},
  journal       = {Reviews of Modern Physics},
  volume        = 74,
  number        = 47,
  year          = {1998},
  pages         = "47-97"
}

@book{ barabasiCh9,
author          ={Albert-László Barabási},
title           ={Network Science},
publisher       ={Cambridge University Press},
year            ={2016},
chapter         ={Communities}
}


@book{ barabasiCh4.6,
author          ={Albert-László Barabási},
title           ={Network Science},
publisher       ={Cambridge University Press},
year            ={2016},
chapter         ={The Scale-Free Property},
paragraph       ={Ultra-Small Property}
}

@book{ barabasiCh4.8,
author          ={Albert-László Barabási},
title           ={Network Science},
publisher       ={Cambridge University Press},
year            ={2016},
chapter         ={The Scale-Free Property},
paragraph       ={Generating Networks with Arbitrary Degree Distribution}
}



@online{regioni,
  author = {Cinsedo - Centro Interregionale Studi e Documentazione},
  title = {Coronavirus: stato d'emergenza di sei mesi},
  year = 2020,
  url = {http://www.regioni.it/newsletter/n-3768/del-31-01-2020/coronavirus-stato-demergenza-di-sei-mesi-20748/},
  urldate = {2021-09-08}
}



@online{dpcm,
  author = {Gazzetta Ufficiale},
  title = {DECRETO-LEGGE 23 febbraio 2020, n. 6},
  year = 2020,
  url = {https://www.gazzettaufficiale.it/eli/id/2020/02/23/20G00020/sg},
  urldate = {2021-09-08}
}

@online{corriereB,
  author = {Roberta Scorranese, Corriere della Sera},
  title = {Roberto Burioni va in silenzio stampa: «Basta: da qui all’autunno non parlo più»},
  year = 2020,
  url = {https://www.corriere.it/cronache/20_giugno_08/burioni-roberto-silenzio-stampa-coronavirus-tv-7d388ca0-a8d3-11ea-a00a-5e3865307963.shtml},
  urldate = {2021-09-08}
}

@online{fattoQuot,
  author = {Il Fatto Quotidiano},
  title = {Coronavirus, Burioni: “Ospedali affollati da gente nel panico? E allora i morti?”. Ma il San Raffaele (per cui lavora) si dissocia},
  year = 2020,
  url = {https://www.ilfattoquotidiano.it/2020/11/10/coronavirus-burioni-ospedali-affollati-da-gente-nel-panico-e-allora-i-morti-ma-il-san-raffaele-per-cui-lavora-si-dissocia/5999242/},
  urldate = {2021-09-08}
}

@online{burioni,
  author = {Roberto Burioni},
  year = 2020,
  url = {https://twitter.com/robertoburioni/status/1331960146176716800},
  urldate = {2021-09-08}
}